<record><leader>00000cas a2200000 a 4500</leader><controlfield tag="001">12621630</controlfield><controlfield tag="008">851001d19091916ksuwr ne      0    0eng d</controlfield><datafield ind1=" " ind2=" " tag="010"><subfield code="a">sn 85031692 </subfield></datafield><datafield ind1=" " ind2=" " tag="040"><subfield code="a">KSH</subfield><subfield code="b">eng</subfield><subfield code="c">KSH</subfield><subfield code="d">NPT</subfield><subfield code="d">OCL</subfield><subfield code="d">OCLCQ</subfield></datafield><datafield ind1=" " ind2=" " tag="042"><subfield code="a">msc</subfield></datafield><datafield ind1="0" ind2="4" tag="245"><subfield code="a">The Goodland republic and Goodland news.</subfield></datafield><datafield ind1="3" ind2="0" tag="246"><subfield code="a">Goodland republic and the Goodland news</subfield></datafield><datafield ind1="1" ind2="7" tag="246"><subfield code="a">Goodland republic</subfield></datafield><datafield ind1=" " ind2=" " tag="260"><subfield code="a">Goodland, Kan. :</subfield><subfield code="b">Julius H. Stewart,</subfield><subfield code="c">1909-1916.</subfield></datafield><datafield ind1=" " ind2=" " tag="300"><subfield code="a">7 v. :</subfield><subfield code="b">ill. ;</subfield><subfield code="c">60 cm.</subfield></datafield><datafield ind1=" " ind2=" " tag="310"><subfield code="a">Weekly</subfield></datafield><datafield ind1="0" ind2=" " tag="362"><subfield code="a">No. 26 (Feb. 26, 1909)-no. 25 (Feb. 17, 1911) ; Feb. 24, 1911-June 7, 1912 ; v. 26, no. 41 (June 14, 1912)-v. 31, no. 32 (Apr. 7, 1916).</subfield></datafield><datafield ind1=" " ind2=" " tag="500"><subfield code="a">Title varies slightly.</subfield></datafield><datafield ind1=" " ind2=" " tag="752"><subfield code="a">United States</subfield><subfield code="b">Kansas</subfield><subfield code="c">Sherman</subfield><subfield code="d">Goodland.</subfield></datafield><datafield ind1="0" ind2="0" tag="780"><subfield code="t">Goodland news and the Goodland republic</subfield><subfield code="w">(DLC)sn 85030824</subfield></datafield><datafield ind1="0" ind2="0" tag="785"><subfield code="t">Goodland republic (Goodland, Kan. : 1916)</subfield><subfield code="w">(DLC)sn 85030825</subfield></datafield><datafield ind1="1" ind2=" " tag="029"><subfield code="a">AU@</subfield><subfield code="b">000022173178</subfield></datafield></record>